@Manual{dryden-shapes,
    title        = {{\tt shapes} package},
    author       = {Dryden, I. L.}, = {R Foundation for Statistical Computing},
    address      = {Vienna, Austria},
    year         = 2017,
    note         = {Contributed package, Version 1.2.3.},
    url          = {http://www.R-project.org}
}

@article{rousseaupfla,
	doi = {10.21105/joss.00855},
	url = {https://doi.org/10.21105%2Fjoss.00855},
	year = 2018,
	month = {dec},
	publisher = {The Open Journal},
	volume = {3},
	number = {32},
	pages = {855},
	author = {Rousseau, M. and Retrouvey, J.M.},
	title = {pfla: A Python Package for Dental Facial Analysis using Computer Vision and Statistical Shape Analysis},
	journal = {Journal of Open Source Software}
}

@article{rousseau2018osteogenesis,
  title={Osteogenesis imperfecta: potential therapeutic approaches},
  author={Rousseau, M. and Retrouvey, J.M.},
  journal={PeerJ},
  volume={6},
  pages={e5464},
  year={2018},
  publisher={PeerJ Inc.}
}

@book{dryden12,
   title =     {Statistical Shape Analysis: With Applications in R},
      author =    {Ian L. Dryden, Kanti V. Mardia},
         publisher = {John Wiley \& Sons},
	       year =      {2012},
	          series =    {Wiley Series in Probability and Statistics},
		     edition =   {2ed.},
		        volume =    {},
			   }

@Manual{r,
     title = {R: A Language and Environment for Statistical Computing},
         author = {{R Core Team}},
	     organization = {R Foundation for Statistical Computing},
	         address = {Vienna, Austria},
		     year = {2013},
		         url = {http://www.R-project.org/},
}


@misc{opencv,
  title={Open Source Computer Vision Library},
    author={Itseez},
      year={2017},
        howpublished = {\url{https://github.com/itseez/opencv}}
}


@Article{rauch04,
   Author="Rauch, F.  and Glorieux, F. H. ",
      Title="{{O}steogenesis imperfecta}",
         Journal="Lancet",
	    Year="2004",
	       Volume="363",
	          Number="9418",
		     Pages="1377--1385",
		        Month="Apr"
			}

@incollection{glorieux2012,
  title={Osteogenesis imperfecta},
  author={Glorieux, Francis H and Rowe, David},
  booktitle={Pediatric Bone (Second Edition)},
  pages={511--539},
  year={2012},
  publisher={Elsevier}
}


@Article{franco13,
   Author="Franco, F. C.  and de Araujo, T. M.  and Vogel, C. J.  and Quintao, C. C. ",
      Title="{{B}rachycephalic, dolichocephalic and mesocephalic: {I}s it appropriate to describe the face using skull patterns?}",
         Journal="Dental Press J Orthod",
	    Year="2013",
	       Volume="18",
	          Number="3",
		     Pages="159--163"
		     }


@Article{sillence78,
   Author="Sillence, D. O.  and Rimoin, D. L. ",
      Title="{{C}lassification of osteogenesis imperfect}",
         Journal="Lancet",
	    Year="1978",
	       Volume="1",
	          Number="8072",
		     Pages="1041--1042",
		        Month="May"
			}


@article{sagonas16,
	author = "Sagonas, Christos, Epameinondas Antonakos, Georgios Tzimiropoulos, Stefanos Zafeiriou, and Maja Pantic",
	title = "300 Faces In-the-Wild Challenge: Database and Results",
	journal = "Image and Vision Computing",
	volume = "47",
	pages = "3-18",
	year = "2016",
}

@article{sagonas13,
	author="C. Sagonas and G. Tzimiropoulos and S. Zafeiriou and M. Pantic",
	booktitle="2013 IEEE Conference on Computer Vision and Pattern Recognition Workshops",
	title="A Semi-automatic Methodology for Facial Landmark Annotation",
	year="2013",
	pages="896-903",
	keywords="face recognition;image retrieval;visual databases;AR database;FRGC Ver. 2 database;MultiPIE database;XM2VTS database;cross-database experiments;deformable face model development;facial landmark annotation;massive annotated facial databases;semiautomatic annotation methodology;Databases;Deformable models;Face;Face recognition;Lighting;Shape;Training;Face analysis Facial point detection",
	doi="10.1109/CVPRW.2013.132",
	ISSN="2160-7508",
	month="June",
}

@article{sagonas132,
	author="C. Sagonas and G. Tzimiropoulos and S. Zafeiriou and M. Pantic",
	booktitle="2013 IEEE International Conference on Computer Vision Workshops",
	title="300 Faces in-the-Wild Challenge: The First Facial Landmark Localization Challenge",
	year="2013",
	pages="397-403",
	keywords="computer vision;face recognition;Australia;Faces in-the-Wild Challenge;International Conference on Computer Vision 2013;Sydney;automatic facial point detection;face analysis;facial landmark localization challenge;fiducial points;Accuracy;Computer vision;Conferences;Databases;Shape;Testing;Training",
	doi="10.1109/ICCVW.2013.59",
	month="Dec",
}


@article{RN418,
   author = {Alania, K. N. and Iverieli, M. B. and Abashidze, N. O. and Gogishvili, K. B. and Chigladze, T. T.},
   title = {[Oral cavity features in patients suffering from osteogenesis imperfecta]. [Russian]},
   journal = {Georgian medical news},
   number = {193},
   pages = {34-41},
   ISSN = {1512-0112},
   url = {http://mcgill.on.worldcat.org/atoztitles/link?sid=OVID:embase&id=pmid:21617272&id=doi:&issn=1512-0112&isbn=&volume=&issue=193&spage=34&pages=34-41&date=2011&title=Georgian+medical+news&atitle=%5BOral+cavity+features+in+patients+suffering+from+osteogenesis+imperfecta%5D&aulast=Alania},
   year = {2011},
   type = {Journal Article}
}

@article{RN972,
   author = {Allen, Matthew R. and Burr, David B.},
   title = {The Pathogenesis of Bisphosphonate-Related Osteonecrosis of the Jaw: So Many Hypotheses, So Few Data},
   journal = {Journal of Oral and Maxillofacial Surgery},
   volume = {67},
   number = {5},
   pages = {61-70},
   ISSN = {0278-2391},
   DOI = {10.1016/j.joms.2009.01.007},
   url = {<Go to ISI>://WOS:000265655000009},
   year = {2009},
   type = {Journal Article}
}

@article{RN41,
   author = {Apolinario, A. C. and Figueiredo, P. T. and Guimaraes, A. T. and Acevedo, A. C. and Castro, L. C. and Paula, A. P. and Paula, L. M. and Melo, N. S. and Leite, A. F.},
   title = {Pamidronate affects the mandibular cortex of children with osteogenesis imperfecta},
   journal = {Journal of Dental Research},
   volume = {94},
   number = {3 Suppl},
   pages = {95S-102S},
   ISSN = {1544-0591},
   DOI = {http://dx.doi.org/10.1177/0022034514567334},
   url = {http://mcgill.on.worldcat.org/atoztitles/link?sid=OVID:medline&id=pmid:25608973&id=doi:10.1177%2F0022034514567334&issn=0022-0345&isbn=&volume=94&issue=3&spage=95S&pages=95S-102S&date=2015&title=Journal+of+Dental+Research&atitle=Pamidronate+affects+the+mandibular+cortex+of+children+with+osteogenesis+imperfecta.&aulast=Apolinario},
   year = {2015},
   type = {Journal Article}
}

@article{RN840,
   author = {Apolinario, Ana C. and Sindeaux, Rafael and de Souza Figueiredo, Paulo T. and Guimaraes, Ana T. B. and Acevedo, Ana C. and Castro, Luiz C. and de Paula, Ana P. and de Paula, Lilian M. and de Melo, Nilce S. and Leite, Andre F.},
   title = {Dental panoramic indices and fractal dimension measurements in osteogenesis imperfecta children under pamidronate treatment},
   journal = {Dentomaxillofacial Radiology},
   volume = {45},
   number = {4},
   ISSN = {0250-832X},
   DOI = {10.1259/dmfr.20150400},
   url = {<Go to ISI>://WOS:000376216200010},
   year = {2016},
   type = {Journal Article}
}

@article{RN122,
   author = {Bailleul-Forestier, I. and Berdal, A. and Vinckier, F. and de Ravel, T. and Fryns, J. P. and Verloes, A.},
   title = {The genetic basis of inherited anomalies of the teeth. Part 2: syndromes with significant dental involvement},
   journal = {European Journal of Medical Genetics},
   volume = {51},
   number = {5},
   pages = {383-408},
   ISSN = {1769-7212},
   DOI = {http://dx.doi.org/10.1016/j.ejmg.2008.05.003},
   url = {http://mcgill.on.worldcat.org/atoztitles/link?sid=OVID:medline&id=pmid:18599376&id=doi:10.1016%2Fj.ejmg.2008.05.003&issn=1769-7212&isbn=&volume=51&issue=5&spage=383&pages=383-408&date=2008&title=European+Journal+of+Medical+Genetics&atitle=The+genetic+basis+of+inherited+anomalies+of+the+teeth.+Part+2%3A+syndromes+with+significant+dental+involvement.&aulast=Bailleul-Forestier},
   year = {2008},
   type = {Journal Article}
}

@article{RN73,
   author = {Bain, S. and Khullar, G.},
   title = {Medical conditions in dental practice. Case 93. Physical signs for the general dental practitioner. Osteogenesis imperfecta},
   journal = {Dental Update},
   volume = {39},
   number = {3},
   pages = {229},
   ISSN = {0305-5000},
   url = {http://mcgill.on.worldcat.org/atoztitles/link?sid=OVID:medline&id=pmid:22675900&id=doi:&issn=0305-5000&isbn=&volume=39&issue=3&spage=229&pages=229&date=2012&title=Dental+Update&atitle=Medical+conditions+in+dental+practice.+Case+93.+Physical+signs+for+the+general+dental+practitioner.+Osteogenesis+imperfecta.&aulast=Bain},
   year = {2012},
   type = {Journal Article}
}

@article{RN117,
   author = {Barron, M. J. and McDonnell, S. T. and Mackie, I. and Dixon, M. J.},
   title = {Hereditary dentine disorders: dentinogenesis imperfecta and dentine dysplasia},
   journal = {Orphanet Journal Of Rare Diseases},
   volume = {3},
   pages = {31},
   ISSN = {1750-1172},
   DOI = {http://dx.doi.org/10.1186/1750-1172-3-31},
   url = {http://mcgill.on.worldcat.org/atoztitles/link?sid=OVID:medline&id=pmid:19021896&id=doi:10.1186%2F1750-1172-3-31&issn=1750-1172&isbn=&volume=3&issue=&spage=31&pages=31&date=2008&title=Orphanet+Journal+Of+Rare+Diseases&atitle=Hereditary+dentine+disorders%3A+dentinogenesis+imperfecta+and+dentine+dysplasia.&aulast=Barron},
   year = {2008},
   type = {Journal Article}
}

@article{RN878,
   author = {Bhatt, R. N. and Hibbert, S. A. and Munns, C. F.},
   title = {The use of bisphosphonates in children: review of the literature and guidelines for dental management},
   journal = {Australian Dental Journal},
   volume = {59},
   number = {1},
   pages = {9-19},
   ISSN = {0045-0421},
   DOI = {10.1111/adj.12140},
   url = {<Go to ISI>://WOS:000331801300003
http://onlinelibrary.wiley.com/store/10.1111/adj.12140/asset/adj12140.pdf?v=1&t=irxslehq&s=576ac9291d3e06f17cf41d06eff086889d9bdd16},
   year = {2014},
   type = {Journal Article}
}

@article{RN152,
   author = {Binger, T. and Rucker, M. and Spitzer, W. J.},
   title = {Dentofacial rehabilitation by osteodistraction, augmentation and implantation despite osteogenesis imperfecta},
   journal = {International Journal of Oral & Maxillofacial Surgery},
   volume = {35},
   number = {6},
   pages = {559-62},
   ISSN = {0901-5027},
   url = {http://mcgill.on.worldcat.org/atoztitles/link?sid=OVID:medline&id=pmid:16520021&id=doi:&issn=0901-5027&isbn=&volume=35&issue=6&spage=559&pages=559-62&date=2006&title=International+Journal+of+Oral+%26+Maxillofacial+Surgery&atitle=Dentofacial+rehabilitation+by+osteodistraction%2C+augmentation+and+implantation+despite+osteogenesis+imperfecta.&aulast=Binger},
   year = {2006},
   type = {Journal Article}
}

@article{RN24,
   author = {Biria, M. and Abbas, F. M. and Mozaffar, S. and Ahmadi, R.},
   title = {Dentinogenesis imperfecta associated with osteogenesis imperfecta},
   journal = {Dental Research Journal},
   volume = {9},
   number = {4},
   pages = {489-94},
   ISSN = {2008-0255},
   url = {http://mcgill.on.worldcat.org/atoztitles/link?sid=OVID:medline&id=pmid:23162594&id=doi:&issn=1735-3327&isbn=&volume=9&issue=4&spage=489&pages=489-94&date=2012&title=Dental+Research+Journal&atitle=Dentinogenesis+imperfecta+associated+with+osteogenesis+imperfecta.&aulast=Biria},
   year = {2012},
   type = {Journal Article}
}

@article{RN42,
   author = {Black, J. S. and Denny, A. D.},
   title = {Mandibular lengthening by distraction osteogenesis in the setting of osteogenesis imperfecta},
   journal = {Journal of Craniofacial Surgery},
   volume = {26},
   number = {1},
   pages = {e16-8},
   ISSN = {1536-3732},
   DOI = {http://dx.doi.org/10.1097/SCS.0000000000001232},
   url = {http://mcgill.on.worldcat.org/atoztitles/link?sid=OVID:medline&id=pmid:25565236&id=doi:10.1097%2FSCS.0000000000001232&issn=1049-2275&isbn=&volume=26&issue=1&spage=e16&pages=e16-8&date=2015&title=Journal+of+Craniofacial+Surgery&atitle=Mandibular+lengthening+by+distraction+osteogenesis+in+the+setting+of+osteogenesis+imperfecta.&aulast=Black},
   year = {2015},
   type = {Journal Article}
}

@article{RN934,
   author = {Borromeo, G. L. and Tsao, C. E. and Darby, I. B. and Ebeling, P. R.},
   title = {A review of the clinical implications of bisphosphonates in dentistry},
   journal = {Australian Dental Journal},
   volume = {56},
   number = {1},
   pages = {2-9},
   ISSN = {0045-0421},
   DOI = {10.1111/j.1834-7819.2010.01283.x},
   url = {<Go to ISI>://WOS:000287525000002},
   year = {2011},
   type = {Journal Article}
}

@article{RN914,
   author = {Bradaschia-Correa, V. and Barrence, F. A. C. and Ferreira, L. B. and Massa, L. F. and Arana-Chavez, V. E.},
   title = {Effect of alendronate on endochondral ossification in mandibular condyles of growing rats},
   journal = {European Journal of Histochemistry},
   volume = {56},
   number = {2},
   pages = {149-153},
   ISSN = {1121-760X},
   DOI = {10.4081/ejh.2012.e24},
   url = {<Go to ISI>://WOS:000304979300013},
   year = {2012},
   type = {Journal Article}
}

@article{RN991,
   author = {Brown, J. J. and Ramalingam, L. and Zacharin, M. R.},
   title = {Bisphosphonate-associated osteonecrosis of the jaw: does it occur in children?},
   journal = {Clinical Endocrinology},
   volume = {68},
   number = {6},
   pages = {863-867},
   ISSN = {0300-0664},
   DOI = {10.1111/j.1365-2265.2008.03189.x},
   url = {<Go to ISI>://WOS:000255936500004},
   year = {2008},
   type = {Journal Article}
}

@article{RN875,
   author = {Carlson, Eric R. and Gerard, David A.},
   title = {Commentary - Is the Bone Turnover of the Jawbone and Its Possible Over Suppression by Bisphosphonates of Etiological Importance for the Pathogenesis of the Bisphosphonate-Related Osteonecrosis?},
   journal = {Journal of Oral and Maxillofacial Surgery},
   volume = {72},
   number = {5},
   pages = {911-913},
   ISSN = {0278-2391},
   DOI = {10.1016/j.joms.2013.12.005},
   url = {<Go to ISI>://WOS:000334510900013},
   year = {2014},
   type = {Journal Article}
}

@article{RN1441,
   author = {Chahine, C. and Cheung, M. S. and Head, T. W. and Schwartz, S. and Glorieux, F. H. and Rauch, F.},
   title = {Tooth extraction socket healing in pediatric patients treated with intravenous pamidronate},
   journal = {J Pediatr},
   volume = {153},
   number = {5},
   pages = {719-20},
   ISSN = {1097-6833 (Electronic)
0022-3476 (Linking)},
   DOI = {10.1016/j.jpeds.2008.05.003},
   url = {https://www.ncbi.nlm.nih.gov/pubmed/18940358},
   year = {2008},
   type = {Journal Article}
}

@article{RN139,
   author = {Chang, P. C. and Lin, S. Y. and Hsu, K. H.},
   title = {The craniofacial characteristics of osteogenesis imperfecta patients},
   journal = {European Journal of Orthodontics},
   volume = {29},
   number = {3},
   pages = {232-7},
   ISSN = {0141-5387},
   url = {http://mcgill.on.worldcat.org/atoztitles/link?sid=OVID:medline&id=pmid:16971690&id=doi:&issn=0141-5387&isbn=&volume=29&issue=3&spage=232&pages=232-7&date=2007&title=European+Journal+of+Orthodontics&atitle=The+craniofacial+characteristics+of+osteogenesis+imperfecta+patients.&aulast=Chang
http://ejo.oxfordjournals.org/content/eortho/29/3/232.full.pdf},
   year = {2007},
   type = {Journal Article}
}

@article{RN51,
   author = {Christmas, D. A. and Mirante, J. P. and Yanagisawa, E.},
   title = {Endoscopic view of osteogenesis imperfecta of the maxilla},
   journal = {Ear, Nose, & Throat Journal},
   volume = {93},
   number = {6},
   pages = {202},
   ISSN = {1942-7522},
   url = {http://mcgill.on.worldcat.org/atoztitles/link?sid=OVID:medline&id=pmid:24932815&id=doi:&issn=0145-5613&isbn=&volume=93&issue=6&spage=202&pages=202&date=2014&title=Ear%2C+Nose%2C+%26+Throat+Journal&atitle=Endoscopic+view+of+osteogenesis+imperfecta+of+the+maxilla.&aulast=Christmas},
   year = {2014},
   type = {Journal Article}
}

@article{RN890,
   author = {Christou, Joanna and Johnson, Adele R. and Hodgson, Tim A.},
   title = {Bisphosphonate-related osteonecrosis of the jaws and its relevance to children - a review},
   journal = {International Journal of Paediatric Dentistry},
   volume = {23},
   number = {5},
   pages = {330-337},
   ISSN = {0960-7439},
   DOI = {10.1111/ipd.12047},
   url = {<Go to ISI>://WOS:000323150300004},
   year = {2013},
   type = {Journal Article}
}

@article{RN850,
   author = {Davis, Graham R. and Fearne, Janice M. and Sabel, Nina and Noren, Jorgen G.},
   title = {Microscopic study of dental hard tissues in primary teeth with Dentinogenesis Imperfecta Type II: Correlation of 3D imaging using X-ray microtomography and polarising microscopy},
   journal = {Archives of Oral Biology},
   volume = {60},
   number = {7},
   pages = {1013-1020},
   ISSN = {0003-9969},
   DOI = {10.1016/j.archoralbio.2015.03.010},
   url = {<Go to ISI>://WOS:000356114800006},
   year = {2015},
   type = {Journal Article}
}

@article{RN1434,
   author = {Delgado, A. C. and Ruiz, M. and Alarcon, J. A. and Gonzalez, E.},
   title = {Dentinogenesis imperfecta: the importance of early treatment},
   journal = {Quintessence Int},
   volume = {39},
   number = {3},
   pages = {257-63},
   ISSN = {1936-7163 (Electronic)
0033-6572 (Linking)},
   url = {https://www.ncbi.nlm.nih.gov/pubmed/18618042},
   year = {2008},
   type = {Journal Article}
}

@article{RN898,
   author = {Diz, Pedro and Scully, Crispian and Sanz, Mariano},
   title = {Dental implants in the medically compromised patient},
   journal = {Journal of Dentistry},
   volume = {41},
   number = {3},
   pages = {195-206},
   ISSN = {0300-5712},
   DOI = {10.1016/j.jdent.2012.12.008},
   url = {<Go to ISI>://WOS:000316179000001},
   year = {2013},
   type = {Journal Article}
}

@article{RN121,
   author = {Drake, M. T. and Clarke, B. L. and Khosla, S.},
   title = {Bisphosphonates: mechanism of action and role in clinical practice},
   journal = {Mayo Clinic Proceedings},
   volume = {83},
   number = {9},
   pages = {1032-45},
   ISSN = {1942-5546},
   DOI = {http://dx.doi.org/10.4065/83.9.1032},
   url = {http://mcgill.on.worldcat.org/atoztitles/link?sid=OVID:medline&id=pmid:18775204&id=doi:10.4065%2F83.9.1032&issn=0025-6196&isbn=&volume=83&issue=9&spage=1032&pages=1032-45&date=2008&title=Mayo+Clinic+Proceedings&atitle=Bisphosphonates%3A+mechanism+of+action+and+role+in+clinical+practice.&aulast=Drake},
   year = {2008},
   type = {Journal Article}
}

@article{RN4,
   author = {Eimar, H. and Tamimi, F. and Retrouvey, J. M. and Rauch, F. and Aubin, J. E. and McKee, M. D.},
   title = {Craniofacial and Dental Defects in the Col1a1Jrt/+ Mouse Model of Osteogenesis Imperfecta},
   journal = {Journal of Dental Research},
   volume = {95},
   number = {7},
   pages = {761-8},
   ISSN = {1544-0591},
   DOI = {http://dx.doi.org/10.1177/0022034516637045},
   url = {http://mcgill.on.worldcat.org/atoztitles/link?sid=OVID:medline&id=pmid:26951553&id=doi:10.1177%2F0022034516637045&issn=0022-0345&isbn=&volume=95&issue=7&spage=761&pages=761-8&date=2016&title=Journal+of+Dental+Research&atitle=Craniofacial+and+Dental+Defects+in+the+Col1a1Jrt%2F%2B+Mouse+Model+of+Osteogenesis+Imperfecta.&aulast=Eimar
http://jdr.sagepub.com/content/95/7/761.full.pdf},
   year = {2016},
   type = {Journal Article}
}

@article{RN43,
   author = {Foster, B. L. and Ramnitz, M. S. and Gafni, R. I. and Burke, A. B. and Boyce, A. M. and Lee, J. S. and Wright, J. T. and Akintoye, S. O. and Somerman, M. J. and Collins, M. T.},
   title = {Rare bone diseases and their dental, oral, and craniofacial manifestations},
   journal = {Journal of Dental Research},
   volume = {93},
   number = {7 Suppl},
   pages = {7S-19S},
   ISSN = {1544-0591},
   DOI = {http://dx.doi.org/10.1177/0022034514529150},
   url = {http://mcgill.on.worldcat.org/atoztitles/link?sid=OVID:medline&id=pmid:24700690&id=doi:10.1177%2F0022034514529150&issn=0022-0345&isbn=&volume=93&issue=7&spage=7S&pages=7S-19S&date=2014&title=Journal+of+Dental+Research&atitle=Rare+bone+diseases+and+their+dental%2C+oral%2C+and+craniofacial+manifestations.&aulast=Foster},
   year = {2014},
   type = {Journal Article}
}

@article{RN124,
   author = {Goss, A. N.},
   title = {Bisphosphonates and orthodontics},
   journal = {Australian Orthodontic Journal},
   volume = {24},
   number = {1},
   pages = {56-7},
   ISSN = {0587-3908},
   url = {http://mcgill.on.worldcat.org/atoztitles/link?sid=OVID:medline&id=pmid:18649566&id=doi:&issn=0587-3908&isbn=&volume=24&issue=1&spage=56&pages=56-7&date=2008&title=Australian+Orthodontic+Journal&atitle=Bisphosphonates+and+orthodontics.&aulast=Goss},
   year = {2008},
   type = {Journal Article}
}

@article{RN274,
   author = {Gupta, S. and Gupta, A.},
   title = {Dental health risk assessment amongst bisphosphonate users},
   journal = {Osteoporosis International},
   volume = {1)},
   pages = {S309},
   ISSN = {1433-2965},
   DOI = {http://dx.doi.org/10.1007/s00198-016-3530-x},
   url = {http://mcgill.on.worldcat.org/atoztitles/link?sid=OVID:embase&id=pmid:&id=doi:10.1007%2Fs00198-016-3530-x&issn=1433-2965&isbn=&volume=27&issue=1+SUPPL.+1&spage=S309&pages=S309&date=2016&title=Osteoporosis+International&atitle=Dental+health+risk+assessment+amongst+bisphosphonate+users&aulast=Gupta},
   year = {2016},
   type = {Journal Article}
}

@article{RN21,
   author = {Hennedige, A. A. and Jayasinghe, J. and Khajeh, J. and Macfarlane, T. V.},
   title = {Systematic review on the incidence of bisphosphonate related osteonecrosis of the jaw in children diagnosed with osteogenesis imperfecta},
   journal = {Journal of Oral & Maxillofacial Research},
   volume = {4},
   number = {4},
   pages = {e1},
   ISSN = {2029-283X},
   DOI = {http://dx.doi.org/10.5037/jomr.2013.4401},
   url = {http://mcgill.on.worldcat.org/atoztitles/link?sid=OVID:medline&id=pmid:24478911&id=doi:10.5037%2Fjomr.2013.4401&issn=2029-283X&isbn=&volume=4&issue=4&spage=e1&pages=e1&date=2013&title=Journal+of+Oral+%26+Maxillofacial+Research&atitle=Systematic+review+on+the+incidence+of+bisphosphonate+related+osteonecrosis+of+the+jaw+in+children+diagnosed+with+osteogenesis+imperfecta.&aulast=Hennedige},
   year = {2013},
   type = {Journal Article}
}

@article{RN475,
   author = {Johnson, A. and Hodgson, T. A.},
   title = {Dental extractions in children with osteogenesis imperfecta managed with bisphosphonates},
   journal = {Oral Diseases},
   volume = {16 (6)},
   pages = {571},
   ISSN = {1354-523X},
   DOI = {http://dx.doi.org/10.1111/j.1601-0825.2010.01743.x},
   url = {http://mcgill.on.worldcat.org/atoztitles/link?sid=OVID:embase&id=pmid:&id=doi:10.1111%2Fj.1601-0825.2010.01743.x&issn=1354-523X&isbn=&volume=16&issue=6&spage=571&pages=571&date=2010&title=Oral+Diseases&atitle=Dental+extractions+in+children+with+osteogenesis+imperfecta+managed+with+bisphosphonates&aulast=Johnson},
   year = {2010},
   type = {Journal Article}
}

@article{RN362,
   author = {Jungmayr, P.},
   title = {Oral risedronate helps in brittle bone disease: Fewer bone fractures in children with osteogenesis imperfecta. [German]},
   journal = {Deutsche Apotheker Zeitung},
   volume = {153},
   number = {36},
   pages = {44-45},
   ISSN = {0011-9857},
   url = {http://mcgill.on.worldcat.org/atoztitles/link?sid=OVID:embase&id=pmid:&id=doi:&issn=0011-9857&isbn=&volume=153&issue=36&spage=44&pages=44-45&date=2013&title=Deutsche+Apotheker+Zeitung&atitle=Orales+risedronat+hilft+bei+glasknochenkrankheit%3A+Weniger+knochenbruche+bei+kindern+mit+osteogenesis+imperfecta&aulast=Jungmayr},
   year = {2013},
   type = {Journal Article}
}

@article{RN142,
   author = {Kim, J. W. and Simmer, J. P.},
   title = {Hereditary dentin defects},
   journal = {Journal of Dental Research},
   volume = {86},
   number = {5},
   pages = {392-9},
   ISSN = {0022-0345},
   url = {http://mcgill.on.worldcat.org/atoztitles/link?sid=OVID:medline&id=pmid:17452557&id=doi:&issn=0022-0345&isbn=&volume=86&issue=5&spage=392&pages=392-9&date=2007&title=Journal+of+Dental+Research&atitle=Hereditary+dentin+defects.&aulast=Kim},
   year = {2007},
   type = {Journal Article}
}

@article{RN431,
   author = {Kos, M.},
   title = {Bisphosphonates promote jaw osteonecrosis through facilitating bacterial colonisation},
   journal = {Medical Hypotheses},
   volume = {77},
   number = {2},
   pages = {214-215},
   ISSN = {0306-9877
1532-2777},
   DOI = {http://dx.doi.org/10.1016/j.mehy.2011.04.015},
   url = {http://mcgill.on.worldcat.org/atoztitles/link?sid=OVID:embase&id=pmid:&id=doi:10.1016%2Fj.mehy.2011.04.015&issn=0306-9877&isbn=&volume=77&issue=2&spage=214&pages=214-215&date=2011&title=Medical+Hypotheses&atitle=Bisphosphonates+promote+jaw+osteonecrosis+through+facilitating+bacterial+colonisation&aulast=Kos},
   year = {2011},
   type = {Journal Article}
}

@article{RN853,
   author = {Kos, Marcin},
   title = {Incidence and risk predictors for osteonecrosis of the jaw in cancer patients treated with intravenous bisphosphonates},
   journal = {Archives of Medical Science},
   volume = {11},
   number = {2},
   pages = {319-324},
   ISSN = {1734-1922},
   DOI = {10.5114/aoms.2015.50964},
   url = {<Go to ISI>://WOS:000353936900009},
   year = {2015},
   type = {Journal Article}
}

@article{RN950,
   author = {Kos, Marcin and Kuebler, Joachim F. and Luczak, Klaudiusz and Engelke, Werner},
   title = {Bisphosphonate-related osteonecrosis of the jaws: A review of 34 cases and evaluation of risk},
   journal = {Journal of Cranio-Maxillofacial Surgery},
   volume = {38},
   number = {4},
   pages = {255-259},
   ISSN = {1010-5182},
   DOI = {10.1016/j.jcms.2009.06.005},
   url = {<Go to ISI>://WOS:000279264000007},
   year = {2010},
   type = {Journal Article}
}

@article{RN523,
   author = {Kos, M. and Luczak, K.},
   title = {Osteonecrosis of the jaws associated with administration of bisphosphonates},
   journal = {Advances in Clinical and Experimental Medicine},
   volume = {17},
   number = {5},
   pages = {575-581},
   ISSN = {1230-025X},
   url = {http://mcgill.on.worldcat.org/atoztitles/link?sid=OVID:embase&id=pmid:&id=doi:&issn=1230-025X&isbn=&volume=17&issue=5&spage=575&pages=575-581&date=2008&title=Advances+in+Clinical+and+Experimental+Medicine&atitle=Osteonecrosis+of+the+jaws+associated+with+administration+of+bisphosphonates&aulast=Kos},
   year = {2008},
   type = {Journal Article}
}

@article{RN502,
   author = {Kos, M. and Luczak, K.},
   title = {Bisphosphonates promote jaw osteonecrosis through facilitating bacterial colonisation},
   journal = {Bioscience Hypotheses},
   volume = {2},
   number = {1},
   pages = {34-36},
   ISSN = {1756-2392},
   DOI = {http://dx.doi.org/10.1016/j.bihy.2008.08.004},
   url = {http://mcgill.on.worldcat.org/atoztitles/link?sid=OVID:embase&id=pmid:&id=doi:10.1016%2Fj.bihy.2008.08.004&issn=1756-2392&isbn=&volume=2&issue=1&spage=34&pages=34-36&date=2009&title=Bioscience+Hypotheses&atitle=Bisphosphonates+promote+jaw+osteonecrosis+through+facilitating+bacterial+colonisation&aulast=Kos},
   year = {2009},
   type = {Journal Article}
}

@article{RN114,
   author = {Landesberg, R. and Eisig, S. and Fennoy, I. and Siris, E.},
   title = {Alternative indications for bisphosphonate therapy},
   journal = {Journal of Oral & Maxillofacial Surgery},
   volume = {67},
   number = {5 Suppl},
   pages = {27-34},
   ISSN = {1531-5053},
   DOI = {http://dx.doi.org/10.1016/j.joms.2008.12.006},
   url = {http://mcgill.on.worldcat.org/atoztitles/link?sid=OVID:medline&id=pmid:19371812&id=doi:10.1016%2Fj.joms.2008.12.006&issn=0278-2391&isbn=&volume=67&issue=5&spage=27&pages=27-34&date=2009&title=Journal+of+Oral+%26+Maxillofacial+Surgery&atitle=Alternative+indications+for+bisphosphonate+therapy.&aulast=Landesberg},
   year = {2009},
   type = {Journal Article}
}

@article{RN64,
   author = {Lingaraju, N. and Nagarathna, P. J. and Vijayalakshmi, R. and Sheshadri, P.},
   title = {Osteogenesis imperfecta/lobstein syndrome associated with dentinogenesis imperfecta},
   journal = {Journal of Contemporary Dental Practice [Electronic Resource]},
   volume = {14},
   number = {1},
   pages = {140-2},
   ISSN = {1526-3711},
   url = {http://mcgill.on.worldcat.org/atoztitles/link?sid=OVID:medline&id=pmid:23579912&id=doi:&issn=1526-3711&isbn=&volume=14&issue=1&spage=140&pages=140-2&date=2013&title=Journal+of+Contemporary+Dental+Practice+%5BElectronic+Resource%5D&atitle=Osteogenesis+imperfecta%2Flobstein+syndrome+associated+with+dentinogenesis+imperfecta.&aulast=Lingaraju},
   year = {2013},
   type = {Journal Article}
}

@article{RN556,
   author = {Lopez Franco, G. E. and Huang, A. and Pleshko Camacho, N. and Stone, D. S. and Blank, R. D.},
   title = {Increased young's modulus and hardness of Col1a2<sup>oim</sup> dentin},
   journal = {Journal of Dental Research},
   volume = {85},
   number = {11},
   pages = {1032-1036},
   ISSN = {0022-0345},
   url = {http://mcgill.on.worldcat.org/atoztitles/link?sid=OVID:embase&id=pmid:17062745&id=doi:&issn=0022-0345&isbn=&volume=85&issue=11&spage=1032&pages=1032-1036&date=2006&title=Journal+of+Dental+Research&atitle=Increased+young%27s+modulus+and+hardness+of+Col1a2oim+dentin&aulast=Lopez+Franco},
   year = {2006},
   type = {Journal Article}
}

@article{RN113,
   author = {Lopez-Arcas, J. M. and Chamorro, M. and Del Castillo, J. L. and Cebrian, J. L. and Palacios, E. and Burgueno, M.},
   title = {Osteogenesis imperfecta and orthognathic surgery: case report and literature review},
   journal = {Journal of Oral & Maxillofacial Surgery},
   volume = {67},
   number = {5},
   pages = {1128-32},
   ISSN = {1531-5053},
   DOI = {http://dx.doi.org/10.1016/j.joms.2008.12.014},
   url = {http://mcgill.on.worldcat.org/atoztitles/link?sid=OVID:medline&id=pmid:19375028&id=doi:10.1016%2Fj.joms.2008.12.014&issn=0278-2391&isbn=&volume=67&issue=5&spage=1128&pages=1128-32&date=2009&title=Journal+of+Oral+%26+Maxillofacial+Surgery&atitle=Osteogenesis+imperfecta+and+orthognathic+surgery%3A+case+report+and+literature+review.&aulast=Lopez-Arcas},
   year = {2009},
   type = {Journal Article}
}

@article{RN100,
   author = {Majorana, A. and Bardellini, E. and Brunelli, P. C. and Lacaita, M. and Cazzolla, A. P. and Favia, G.},
   title = {Dentinogenesis imperfecta in children with osteogenesis imperfecta: a clinical and ultrastructural study},
   journal = {International Journal of Paediatric Dentistry},
   volume = {20},
   number = {2},
   pages = {112-8},
   ISSN = {1365-263X},
   DOI = {http://dx.doi.org/10.1111/j.1365-263X.2010.01033.x},
   url = {http://mcgill.on.worldcat.org/atoztitles/link?sid=OVID:medline&id=pmid:20384825&id=doi:10.1111%2Fj.1365-263X.2010.01033.x&issn=0960-7439&isbn=&volume=20&issue=2&spage=112&pages=112-8&date=2010&title=International+Journal+of+Paediatric+Dentistry&atitle=Dentinogenesis+imperfecta+in+children+with+osteogenesis+imperfecta%3A+a+clinical+and+ultrastructural+study.&aulast=Majorana},
   year = {2010},
   type = {Journal Article}
}

@article{RN1439,
   author = {Malmgren, B. and Andersson, K. and Lindahl, K. and Kindmark, A. and Grigelioniene, G. and Zachariadis, V. and Dahllof, G. and Astrom, E.},
   title = {Tooth agenesis in osteogenesis imperfecta related to mutations in the collagen type I genes},
   journal = {Oral Dis},
   ISSN = {1601-0825 (Electronic)
1354-523X (Linking)},
   DOI = {10.1111/odi.12568},
   url = {https://www.ncbi.nlm.nih.gov/pubmed/27510842},
   year = {2016},
   type = {Journal Article}
}

@article{RN132,
   author = {Malmgren, B. and Astrom, E. and Soderhall, S.},
   title = {No osteonecrosis in jaws of young patients with osteogenesis imperfecta treated with bisphosphonates},
   journal = {Journal of Oral Pathology & Medicine},
   volume = {37},
   number = {4},
   pages = {196-200},
   ISSN = {1600-0714},
   DOI = {http://dx.doi.org/10.1111/j.1600-0714.2007.00607.x},
   url = {http://mcgill.on.worldcat.org/atoztitles/link?sid=OVID:medline&id=pmid:18321345&id=doi:10.1111%2Fj.1600-0714.2007.00607.x&issn=0904-2512&isbn=&volume=37&issue=4&spage=196&pages=196-200&date=2008&title=Journal+of+Oral+Pathology+%26+Medicine&atitle=No+osteonecrosis+in+jaws+of+young+patients+with+osteogenesis+imperfecta+treated+with+bisphosphonates.&aulast=Malmgren},
   year = {2008},
   type = {Journal Article}
}

@article{RN1440,
   author = {Mandall, N. and Cousley, R. and DiBiase, A. and Dyer, F. and Littlewood, S. and Mattick, R. and Nute, S. J. and Doherty, B. and Stivaros, N. and McDowall, R. and Shargill, I. and Worthington, H. V.},
   title = {Early class III protraction facemask treatment reduces the need for orthognathic surgery: a multi-centre, two-arm parallel randomized, controlled trial},
   journal = {J Orthod},
   volume = {43},
   number = {3},
   pages = {164-75},
   ISSN = {1465-3133 (Electronic)
1465-3125 (Linking)},
   DOI = {10.1080/14653125.2016.1201302},
   url = {https://www.ncbi.nlm.nih.gov/pubmed/27564126},
   year = {2016},
   type = {Journal Article}
}

@article{RN973,
   author = {Maria Lopez-Arcas, Jose and Chamorro, Manolo and Del Castillo, Jose L. and Cebrian, Jose L. and Palacios, Edurne and Burgueno, Miguel},
   title = {Osteogenesis Imperfecta and Orthognathic Surgery: Case Report and Literature Review},
   journal = {Journal of Oral and Maxillofacial Surgery},
   volume = {67},
   number = {5},
   pages = {1128-1132},
   ISSN = {0278-2391},
   DOI = {10.1016/j.joms.2008.12.014},
   url = {<Go to ISI>://WOS:000265654700031},
   year = {2009},
   type = {Journal Article}
}

@article{RN85,
   author = {Milano, M. and Wright, T. and Loechner, K. J.},
   title = {Dental implications of osteogenesis imperfecta: treatment with IV bisphosphonate: report of a case},
   journal = {Pediatric Dentistry},
   volume = {33},
   number = {4},
   pages = {349-52},
   ISSN = {0164-1263},
   url = {http://mcgill.on.worldcat.org/atoztitles/link?sid=OVID:medline&id=pmid:21903004&id=doi:&issn=0164-1263&isbn=&volume=33&issue=4&spage=349&pages=349-52&date=2011&title=Pediatric+Dentistry&atitle=Dental+implications+of+osteogenesis+imperfecta%3A+treatment+with+IV+bisphosphonate%3A+report+of+a+case.&aulast=Milano},
   year = {2011},
   type = {Journal Article}
}

@article{RN135,
   author = {Muhney, K. and Campbell, P. R.},
   title = {Pediatric dental management of a patient with osteogenesis imperfecta and dentinogenesis imperfecta},
   journal = {Special Care in Dentistry},
   volume = {27},
   number = {6},
   pages = {240-5},
   ISSN = {0275-1879},
   url = {http://mcgill.on.worldcat.org/atoztitles/link?sid=OVID:medline&id=pmid:18683807&id=doi:&issn=0275-1879&isbn=&volume=27&issue=6&spage=240&pages=240-5&date=2007&title=Special+Care+in+Dentistry&atitle=Pediatric+dental+management+of+a+patient+with+osteogenesis+imperfecta+and+dentinogenesis+imperfecta.&aulast=Muhney},
   year = {2007},
   type = {Journal Article}
}

@article{RN876,
   author = {Munemasa, Takaaki and Idaira, Yayoi and Fukada, Toshiyuki and Shimoda, Shinji and Asada, Yoshinobu},
   title = {Histological Analysis of Dentinogenesis Imperfecta in Slc39a13/Zip13 Knockout Mice},
   journal = {Journal of Hard Tissue Biology},
   volume = {23},
   number = {2},
   pages = {163-168},
   ISSN = {1341-7649},
   url = {<Go to ISI>://WOS:000334561600004},
   year = {2014},
   type = {Journal Article}
}

@article{RN120,
   author = {Muraki, Y. and Tominaga, K. and Yoshioka, I. and Fujita, M. and Khanal, A. and Matsushita, S. and Fukuda, J.},
   title = {Mandibular reconstruction with bone transport in a patient with osteogenesis imperfecta},
   journal = {International Journal of Oral & Maxillofacial Surgery},
   volume = {37},
   number = {9},
   pages = {870-3},
   ISSN = {0901-5027},
   DOI = {http://dx.doi.org/10.1016/j.ijom.2008.04.018},
   url = {http://mcgill.on.worldcat.org/atoztitles/link?sid=OVID:medline&id=pmid:18524539&id=doi:10.1016%2Fj.ijom.2008.04.018&issn=0901-5027&isbn=&volume=37&issue=9&spage=870&pages=870-3&date=2008&title=International+Journal+of+Oral+%26+Maxillofacial+Surgery&atitle=Mandibular+reconstruction+with+bone+transport+in+a+patient+with+osteogenesis+imperfecta.&aulast=Muraki},
   year = {2008},
   type = {Journal Article}
}

@article{RN53,
   author = {Ngan, K. K. and Bowe, J. and Goodger, N.},
   title = {The risk of bisphosphonate-related osteonecrosis of the jaw in children. A case report and literature review},
   journal = {Dental Update},
   volume = {40},
   number = {9},
   pages = {733-4, 736-8},
   ISSN = {0305-5000},
   url = {http://mcgill.on.worldcat.org/atoztitles/link?sid=OVID:medline&id=pmid:24386765&id=doi:&issn=0305-5000&isbn=&volume=40&issue=9&spage=733&pages=733-4%2C+736-8&date=2013&title=Dental+Update&atitle=The+risk+of+bisphosphonate-related+osteonecrosis+of+the+jaw+in+children.+A+case+report+and+literature+review.&aulast=Ngan},
   year = {2013},
   type = {Journal Article}
}

@article{RN489,
   author = {Nikitakis, N. and Kamperos, G. and Sklavounou-Andrikopoulou, A.},
   title = {Bisphosphonate-induced osteonecrosis of the jaws: Prevention and management. [Greek]},
   journal = {Archives of Hellenic Medicine},
   volume = {26},
   number = {5},
   pages = {583-592},
   ISSN = {1105-3992},
   url = {http://www.mednet.gr/archives/2009-5/pdf/583.pdf
http://mcgill.on.worldcat.org/atoztitles/link?sid=OVID:embase&id=pmid:&id=doi:&issn=1105-3992&isbn=&volume=26&issue=5&spage=583&pages=583-592&date=2009&title=Archives+of+Hellenic+Medicine&atitle=Bisphosphonate-induced+osteonecrosis+of+the+jaws%3A+Prevention+and+management&aulast=Nikitakis},
   year = {2009},
   type = {Journal Article}
}

@article{RN74,
   author = {Opsahl Vital, S. and Gaucher, C. and Bardet, C. and Rowe, P. S. and George, A. and Linglart, A. and Chaussain, C.},
   title = {Tooth dentin defects reflect genetic disorders affecting bone mineralization},
   journal = {Bone},
   volume = {50},
   number = {4},
   pages = {989-97},
   ISSN = {1873-2763},
   DOI = {http://dx.doi.org/10.1016/j.bone.2012.01.010},
   url = {http://mcgill.on.worldcat.org/atoztitles/link?sid=OVID:medline&id=pmid:22296718&id=doi:10.1016%2Fj.bone.2012.01.010&issn=1873-2763&isbn=&volume=50&issue=4&spage=989&pages=989-97&date=2012&title=Bone&atitle=Tooth+dentin+defects+reflect+genetic+disorders+affecting+bone+mineralization.&aulast=Opsahl+Vital},
   year = {2012},
   type = {Journal Article}
}

@article{RN1442,
   author = {Prabhu, N. and Duckmanton, N. and Stevenson, A. R. and Cameron, A.},
   title = {The placement of osseointegrated dental implants in a patient with type IV B osteogenesis imperfecta: a 9-year follow-up},
   journal = {Oral Surg Oral Med Oral Pathol Oral Radiol Endod},
   volume = {103},
   number = {3},
   pages = {349-54},
   ISSN = {1528-395X (Electronic)
1079-2104 (Linking)},
   DOI = {10.1016/j.tripleo.2006.06.006},
   url = {https://www.ncbi.nlm.nih.gov/pubmed/17321445},
   year = {2007},
   type = {Journal Article}
}

@article{RN128,
   author = {Radfar, L. and Masood, F.},
   title = {Bisphosphonates, osteonecrosis of the jaw, and dental treatment recommendations},
   journal = {Journal - Oklahoma Dental Association},
   volume = {99},
   number = {7},
   pages = {28-9},
   ISSN = {0164-9442},
   url = {http://mcgill.on.worldcat.org/atoztitles/link?sid=OVID:medline&id=pmid:18595621&id=doi:&issn=0164-9442&isbn=&volume=99&issue=7&spage=28&pages=28-9&date=2008&title=Journal+-+Oklahoma+Dental+Association&atitle=Bisphosphonates%2C+osteonecrosis+of+the+jaw%2C+and+dental+treatment+recommendations.&aulast=Radfar},
   year = {2008},
   type = {Journal Article}
}

@article{RN510,
   author = {Ramalingam, L. and Zacharin, M.},
   title = {Unusually prolonged time for orthodontic treatment in children who have received bisphosphonate},
   journal = {Bone},
   volume = {45},
   pages = {S88},
   ISSN = {8756-3282},
   DOI = {http://dx.doi.org/10.1016/j.bone.2009.04.126},
   url = {http://mcgill.on.worldcat.org/atoztitles/link?sid=OVID:embase&id=pmid:&id=doi:10.1016%2Fj.bone.2009.04.126&issn=8756-3282&isbn=&volume=45&issue=&spage=S88&pages=S88&date=2009&title=Bone&atitle=Unusually+prolonged+time+for+orthodontic+treatment+in+children+who+have+received+bisphosphonate&aulast=Ramalingam
http://ac.els-cdn.com/S8756328209013969/1-s2.0-S8756328209013969-main.pdf?_tid=0398de06-6311-11e6-b98c-00000aab0f27&acdnat=1471283720_9aaee9ae3c51ad8ba5d25398c54a1d8f},
   year = {2009},
   type = {Journal Article}
}

@article{RN17,
   author = {Rios-Rodenas, M. and de Nova, J. and Gutierrez-Diez, M. P. and Feijoo, G. and Mourelle, M. R. and Garcilazo, M. and Ortega-Aranegui, R.},
   title = {A cephalometric method to diagnosis the craniovertebral junction abnormalities in osteogenesis imperfecta patients},
   journal = {Journal of Clinical & Experimental Dentistry},
   volume = {7},
   number = {1},
   pages = {e153-8},
   ISSN = {1989-5488},
   DOI = {http://dx.doi.org/10.4317/jced.52126},
   url = {http://mcgill.on.worldcat.org/atoztitles/link?sid=OVID:medline&id=pmid:25810828&id=doi:10.4317%2Fjced.52126&issn=1989-5488&isbn=&volume=7&issue=1&spage=e153&pages=e153-8&date=2015&title=Journal+of+Clinical+%26+Experimental+Dentistry&atitle=A+cephalometric+method+to+diagnosis+the+craniovertebral+junction+abnormalities+in+osteogenesis+imperfecta+patients.&aulast=Rios-Rodenas},
   year = {2015},
   type = {Journal Article}
}

@article{RN67,
   author = {Rizkallah, J. and Schwartz, S. and Rauch, F. and Glorieux, F. and Vu, D. D. and Muller, K. and Retrouvey, J. M.},
   title = {Evaluation of the severity of malocclusions in children affected by osteogenesis imperfecta with the peer assessment rating and discrepancy indexes},
   journal = {American Journal of Orthodontics & Dentofacial Orthopedics},
   volume = {143},
   number = {3},
   pages = {336-41},
   ISSN = {1097-6752},
   DOI = {http://dx.doi.org/10.1016/j.ajodo.2012.10.016},
   url = {http://mcgill.on.worldcat.org/atoztitles/link?sid=OVID:medline&id=pmid:23452967&id=doi:10.1016%2Fj.ajodo.2012.10.016&issn=0889-5406&isbn=&volume=143&issue=3&spage=336&pages=336-41&date=2013&title=American+Journal+of+Orthodontics+%26+Dentofacial+Orthopedics&atitle=Evaluation+of+the+severity+of+malocclusions+in+children+affected+by+osteogenesis+imperfecta+with+the+peer+assessment+rating+and+discrepancy+indexes.&aulast=Rizkallah},
   year = {2013},
   type = {Journal Article}
}

@article{RN87,
   author = {Rosen, A. and Modig, M. and Larson, O.},
   title = {Orthognathic bimaxillary surgery in two patients with osteogenesis imperfecta and a review of the literature},
   journal = {International Journal of Oral & Maxillofacial Surgery},
   volume = {40},
   number = {8},
   pages = {866-73},
   ISSN = {1399-0020},
   DOI = {http://dx.doi.org/10.1016/j.ijom.2011.02.028},
   url = {http://mcgill.on.worldcat.org/atoztitles/link?sid=OVID:medline&id=pmid:21459557&id=doi:10.1016%2Fj.ijom.2011.02.028&issn=0901-5027&isbn=&volume=40&issue=8&spage=866&pages=866-73&date=2011&title=International+Journal+of+Oral+%26+Maxillofacial+Surgery&atitle=Orthognathic+bimaxillary+surgery+in+two+patients+with+osteogenesis+imperfecta+and+a+review+of+the+literature.&aulast=Rosen},
   year = {2011},
   type = {Journal Article}
}

@article{RN116,
   author = {Saeves, R. and Lande Wekre, L. and Ambjornsen, E. and Axelsson, S. and Nordgarden, H. and Storhaug, K.},
   title = {Oral findings in adults with osteogenesis imperfecta},
   journal = {Special Care in Dentistry},
   volume = {29},
   number = {2},
   pages = {102-8},
   ISSN = {0275-1879},
   DOI = {http://dx.doi.org/10.1111/j.1754-4505.2008.00070.x},
   url = {http://mcgill.on.worldcat.org/atoztitles/link?sid=OVID:medline&id=pmid:19284510&id=doi:10.1111%2Fj.1754-4505.2008.00070.x&issn=0275-1879&isbn=&volume=29&issue=2&spage=102&pages=102-8&date=2009&title=Special+Care+in+Dentistry&atitle=Oral+findings+in+adults+with+osteogenesis+imperfecta.&aulast=Saeves},
   year = {2009},
   type = {Journal Article}
}

@article{RN84,
   author = {Scaramuzzo, L. and Raffaelli, L. and Spinelli, M. S. and Damis, G. and Maccauro, G. and Manicone, P. F.},
   title = {Orthopaedic and dental abnormalities in osteogenesis imperfecta: a review of the literature},
   journal = {Journal of Biological Regulators & Homeostatic Agents},
   volume = {25},
   number = {3},
   pages = {313-21},
   ISSN = {0393-974X},
   url = {http://mcgill.on.worldcat.org/atoztitles/link?sid=OVID:medline&id=pmid:22023755&id=doi:&issn=0393-974X&isbn=&volume=25&issue=3&spage=313&pages=313-21&date=2011&title=Journal+of+Biological+Regulators+%26+Homeostatic+Agents&atitle=Orthopaedic+and+dental+abnormalities+in+osteogenesis+imperfecta%3A+a+review+of+the+literature.&aulast=Scaramuzzo},
   year = {2011},
   type = {Journal Article}
}

@article{RN539,
   author = {Schulte, J. M. and Van Waes, H.},
   title = {Dentinogenesis imperfecta. [German]},
   journal = {Medizinische Genetik},
   volume = {19},
   number = {4},
   pages = {418-421},
   ISSN = {0936-5931},
   DOI = {http://dx.doi.org/10.1007/s11825-007-0048-9},
   url = {http://mcgill.on.worldcat.org/atoztitles/link?sid=OVID:embase&id=pmid:&id=doi:10.1007%2Fs11825-007-0048-9&issn=0936-5931&isbn=&volume=19&issue=4&spage=418&pages=418-421&date=2007&title=Medizinische+Genetik&atitle=Dentinogenesis+imperfecta&aulast=Schulte},
   year = {2007},
   type = {Journal Article}
}

@article{RN125,
   author = {Schwartz, S. and Joseph, C. and Iera, D. and Vu, D. D.},
   title = {Bisphosphonates, osteonecrosis, osteogenesis imperfecta and dental extractions: a case series},
   journal = {Journal (Canadian Dental Association)},
   volume = {74},
   number = {6},
   pages = {537-42},
   ISSN = {1488-2159},
   url = {http://mcgill.on.worldcat.org/atoztitles/link?sid=OVID:medline&id=pmid:18644240&id=doi:&issn=0709-8936&isbn=&volume=74&issue=6&spage=537&pages=537-42&date=2008&title=Journal+%28Canadian+Dental+Association%29&atitle=Bisphosphonates%2C+osteonecrosis%2C+osteogenesis+imperfecta+and+dental+extractions%3A+a+case+series.&aulast=Schwartz},
   year = {2008},
   type = {Journal Article}
}

@article{shields83,
   author = {Shields, E. D.},
   title = {A new classification of heritable human enamel defects and a discussion of dentin defects},
   journal = {Birth Defects Orig Artic Ser},
   volume = {19},
   number = {1},
   pages = {107-27},
   ISSN = {0547-6844 (Print)
0547-6844 (Linking)},
   url = {https://www.ncbi.nlm.nih.gov/pubmed/6362739},
   year = {1983},
   type = {Journal Article}
}

@article{RN26,
   author = {Shilpa, P. S. and David, C. M. and Kaul, R. and Sanjay, C. J. and Narayan, B. K.},
   title = {Brittle teeth with brittle bone in a family for four generations: Case report and literature review},
   journal = {Contemporary Clinical Dentistry},
   volume = {3},
   number = {2},
   pages = {197-201},
   ISSN = {0976-2361},
   DOI = {http://dx.doi.org/10.4103/0976-237X.96822},
   url = {http://mcgill.on.worldcat.org/atoztitles/link?sid=OVID:medline&id=pmid:22919223&id=doi:10.4103%2F0976-237X.96822&issn=0976-2361&isbn=&volume=3&issue=2&spage=197&pages=197-201&date=2012&title=Contemporary+Clinical+Dentistry&atitle=Brittle+teeth+with+brittle+bone+in+a+family+for+four+generations%3A+Case+report+and+literature+review.&aulast=Shilpa},
   year = {2012},
   type = {Journal Article}
}

@article{RN456,
   author = {Shintani, S. and Ooshima, T.},
   title = {[Genetic basis for skeletal disease. Dental management of patients with bone diseases]. [Japanese]},
   journal = {Clinical calcium},
   volume = {20},
   number = {8},
   pages = {1259-1265},
   ISSN = {0917-5857},
   url = {http://mcgill.on.worldcat.org/atoztitles/link?sid=OVID:embase&id=pmid:20675938&id=doi:&issn=0917-5857&isbn=&volume=20&issue=8&spage=1259&pages=1259-1265&date=2010&title=Clinical+calcium&atitle=%5BGenetic+basis+for+skeletal+disease.+Dental+management+of+patients+with+bone+diseases%5D&aulast=Shintani},
   year = {2010},
   type = {Journal Article}
}

@article{RN1033,
   author = {Song, Yaling and Wang, Changning and Peng, Bin and Ye, Xiaoqian and Zhao, Gaofeng and Fan, Mingwen and Fu, Qiang and Bian, Zhuan},
   title = {Phenotypes and genotypes in 2 DGI families with different DSPP mutations},
   journal = {Oral Surgery Oral Medicine Oral Pathology Oral Radiology and Endodontics},
   volume = {102},
   number = {3},
   pages = {360-374},
   ISSN = {1079-2104},
   DOI = {10.1016/j.tripleo.2005.06.020},
   url = {<Go to ISI>://WOS:000240502600014},
   year = {2006},
   type = {Journal Article}
}

@article{RN322,
   author = {Tanimura, H. and Higuchi, H. and Takaya, K. and Hirano, A. and Maeda, S. and Tomoyasu, Y. and Miyawaki, T.},
   title = {Perioperative management using dexmedetomidine for a pediatric patient with osteogenesis imperfecta undergoing dental treatment under general anesthesia. [Japanese]},
   journal = {Journal of Japanese Dental Society of Anesthesiology},
   volume = {43},
   number = {1},
   pages = {51-53},
   ISSN = {0386-5835},
   url = {http://kokuhoken.net/jdsa/english/journal.html
http://mcgill.on.worldcat.org/atoztitles/link?sid=OVID:embase&id=pmid:&id=doi:&issn=0386-5835&isbn=&volume=43&issue=1&spage=51&pages=51-53&date=2015&title=Journal+of+Japanese+Dental+Society+of+Anesthesiology&atitle=Perioperative+management+using+dexmedetomidine+for+a+pediatric+patient+with+osteogenesis+imperfecta+undergoing+dental+treatment+under+general+anesthesia&aulast=Tanimura},
   year = {2015},
   type = {Journal Article}
}

@article{RN88,
   author = {Tashima, H. and Wattanawong, K. and Ho, C. T. and Wen-Ching-Ko, E. and Nguyen, A. and Lo, L. J.},
   title = {Orthognathic surgery considerations for patients with undiagnosed type I osteogenesis imperfecta},
   journal = {Journal of Oral & Maxillofacial Surgery},
   volume = {69},
   number = {8},
   pages = {2233-41},
   ISSN = {1531-5053},
   DOI = {http://dx.doi.org/10.1016/j.joms.2010.11.014},
   url = {http://mcgill.on.worldcat.org/atoztitles/link?sid=OVID:medline&id=pmid:21398007&id=doi:10.1016%2Fj.joms.2010.11.014&issn=0278-2391&isbn=&volume=69&issue=8&spage=2233&pages=2233-41&date=2011&title=Journal+of+Oral+%26+Maxillofacial+Surgery&atitle=Orthognathic+surgery+considerations+for+patients+with+undiagnosed+type+I+osteogenesis+imperfecta.&aulast=Tashima},
   year = {2011},
   type = {Journal Article}
}

@article{RN990,
   author = {Teixeira, Cleonice Silveira and Santos Felippe, Mara Cristina and Felippe, Wilson Tadeu and Correa Silva-Sousa, Yara Teresinha and Sousa-Neto, Manoel Damiao},
   title = {The role of dentists in-diagnosing osteogenesis imperfecta in patients with dentinogenesis imperfecta},
   journal = {Journal of the American Dental Association},
   volume = {139},
   number = {7},
   pages = {906-914},
   ISSN = {0002-8177},
   url = {<Go to ISI>://WOS:000257446200013
http://ac.els-cdn.com/S0002817714653824/1-s2.0-S0002817714653824-main.pdf?_tid=ffff5edc-6310-11e6-9aaa-00000aacb362&acdnat=1471283714_4023aac7414c8f39e5bf4d811af0f657},
   year = {2008},
   type = {Journal Article}
}

@article{RN1009,
   author = {Vance, Michael A.},
   title = {Osteonecrosis of the jaw and bisphosphonates: A comparison with white phosphorus, radium, and osteopetrosis},
   journal = {Clinical Toxicology},
   volume = {45},
   number = {7},
   pages = {753-762},
   ISSN = {1556-3650},
   DOI = {10.1080/15563650701232505},
   url = {<Go to ISI>://WOS:000251579000002},
   year = {2007},
   type = {Journal Article}
}

@article{RN879,
   author = {Vuorimies, Ilkka and Arponen, Heidi and Valta, Helena and Tiesalo, Outi and Ekholm, Marja and Makitie, Outi and Waltimo-Siren, Janna},
   title = {Bisphosphonate Treatment and Dental Development in Children with Osteogenesis Imperfecta},
   journal = {Journal of Bone and Mineral Research},
   volume = {29},
   pages = {S370-S370},
   ISSN = {0884-0431},
   url = {<Go to ISI>://WOS:000356598702217},
   year = {2014},
   type = {Journal Article}
}

@article{RN102,
   author = {Wannfors, K. and Johansson, C. and Donath, K.},
   title = {Augmentation of the mandible via a "tent-pole" procedure and implant treatment in a patient with type III osteogenesis imperfecta: clinical and histologic considerations},
   journal = {International Journal of Oral & Maxillofacial Implants},
   volume = {24},
   number = {6},
   pages = {1144-8},
   ISSN = {0882-2786},
   url = {http://mcgill.on.worldcat.org/atoztitles/link?sid=OVID:medline&id=pmid:20162121&id=doi:&issn=0882-2786&isbn=&volume=24&issue=6&spage=1144&pages=1144-8&date=2009&title=International+Journal+of+Oral+%26+Maxillofacial+Implants&atitle=Augmentation+of+the+mandible+via+a+%22tent-pole%22+procedure+and+implant+treatment+in+a+patient+with+type+III+osteogenesis+imperfecta%3A+clinical+and+histologic+considerations.&aulast=Wannfors},
   year = {2009},
   type = {Journal Article}
}

